2708 3340
1270 105 1296 148 5

278 235 428 288 Aeque
455 234 595 278 faciles
632 237 728 277 sunt
764 233 971 277 intellectu
999 247 1143 278 versus
1173 235 1232 278 15.
1249 235 1300 278 ¹et
1341 236 1399 278 16.
1428 234 1670 289 saepissime
1708 235 1894 288 discussi,
1933 235 1965 278 si
1994 236 2269 290 Anaxagorae
2307 253 2401 279 στοι-

150 305 240 357 χιῖα
259 301 299 344 et
316 301 414 354 ὁμοῦ
425 302 543 343 πάντα
569 301 744 356 χρήματα
770 300 1006 353 reputantes
1033 300 1250 342 vertimus:
1277 301 1400 343 Zwar
1425 301 1511 354 gab
1540 312 1585 342 es
1613 301 1707 342 dort
1728 301 1829 353 Luft,
1859 301 1976 353 Erde,
2002 302 2120 343 Meer
2147 304 2234 344 und
2262 294 2401 355 Rther,

151 365 254 408 aber
280 365 350 407 die
387 365 495 407 Erde
533 364 690 406 konnte
725 376 823 405 man
861 364 975 421 nicht
1010 365 1205 417 betreten,
1233 365 1304 406 auf
1337 366 1434 407 dem
1475 366 1643 408 Wasser
1677 366 1791 408 nicht
1827 366 2102 408 schwimmen
2141 370 2213 410 etc

282 429 397 472 lllam
427 429 540 472 litem
568 440 711 471 versus
738 429 812 482 21„
841 440 968 482 quam
998 428 1103 471 deus
1130 431 1169 471 et
1206 428 1355 472 melior
1391 432 1534 472 natura
1575 430 1750 483 diremit,
1790 430 1938 472 clarius
1972 431 2059 472 ullo
2098 433 2400 474 commentario

152 494 430 548 Anaxagorae
455 499 575 539 νεῖκος
613 495 729 535 ἁλαόν
767 493 1061 546 interpretatur,
1096 494 1213 546 quod
1241 496 1261 535 ὁ
1289 496 1373 539 νοῦς
1415 497 1515 547 &ipe
1554 498 1615 535 καὶ
1651 497 1870 548 διεκόσμησε
1906 498 1967 536 καὶ
1995 498 2037 536 ἐκ
2071 499 2131 549 τῆς
2169 500 2314 543 ἀταξίας
2350 501 2401 543 εἰς

155 562 251 606 τάξιν
278 554 408 611 ἤγαγε,
436 559 559 611 (Plut.
587 557 653 600 De
680 557 783 611 plac.
813 558 826 599 l
855 558 909 607 3).

282 624 366 667 Sed
395 626 499 667 haec
527 623 736 665 hactenns.

285 743 349 786 De
377 742 642 786 successione
670 743 860 794 aetatum,
889 752 997 794 quae
1026 742 1211 784 secunda
1239 744 1635 797 metamorphoseon
1657 744 1797 786 fabula
1821 744 2075 797 describitur,
2103 747 2213 799 apud
2242 749 2400 788 veteres

153 809 373 862 scriptores
399 810 481 851 tres
508 806 733 849 sententiae
762 806 937 848 emissae
965 809 1070 859 sunt,
1099 819 1275 860 quarum
1307 808 1440 861 prima
1470 808 1693 862 praecipue
1721 821 1744 850 a
1773 809 1906 862 poetis
1941 810 2201 862 pronuntiata
2229 823 2292 853 res
2322 812 2399 853 hu—

155 885 300 915 manas
328 873 445 915 initio
475 883 695 925 prosperas
723 871 920 924 paulatim
951 883 1041 912 esse
1069 871 1312 925 depravatas
1339 873 1436 925 vult,
1466 873 1590 914 altera
1618 885 1641 914 a
1671 873 1935 926 philosophis
1956 876 2224 927 comprobata
2253 876 2399 917 condi-

155 939 320 981 cionem
350 937 571 980 hominum
599 935 803 990 gradatim
835 936 1169 978 commodiorem
1200 936 1241 978 in
1271 939 1419 978 statum
1451 949 1540 979 esse
1576 938 1782 978 redactam
1822 938 1967 990 statuit,
2003 939 2117 979 tertia
2146 951 2193 980 ex
2232 940 2399 981 historia

156 1003 379 1057 desumpta
407 1002 590 1056 priscum
621 1013 770 1043 aevum
801 1001 842 1042 in
880 1001 1071 1043 ordinem
1110 1002 1296 1043 discribit
1331 1003 1607 1054 metallorum,
1636 1015 1685 1043 ex
1724 1003 1878 1055 quibus
1915 1015 2029 1044 arma
2067 1004 2399 1046 conficiebantur,

158 1069 308 1121 lapidis
337 1068 460 1119 enim,
481 1067 596 1119 aeris,
624 1066 728 1107 ferri.
786 1067 828 1107 ln
849 1078 1026 1108 numero
1046 1068 1225 1108 aetatum
1247 1067 1467 1120 scriptores
1486 1066 1590 1108 inter
1609 1078 1652 1108 se
1675 1067 1930 1109 dissentiunt.
1988 1067 2196 1110 Hesiodus
2225 1069 2397 1122 quidem

152 1132 352 1187 quinque,
380 1131 562 1176 Ovidius
590 1132 769 1184 quatuor
782 1132 977 1173 recenset
1033 1129 1119 1180 Qui
1148 1142 1275 1184 quam
1297 1131 1544 1185 opinionem
1566 1131 1616 1172 sit
1635 1133 1863 1184 amplexus,
1883 1132 2051 1173 difficile
2072 1137 2130 1173 est
2150 1134 2270 1185 dictu,
2301 1146 2397 1175 cum

154 1210 205 1239 ex
232 1208 486 1251 unaquaque
512 1196 670 1248 aliquid
700 1196 883 1248 pendere
919 1196 1117 1237 videatur.
1172 1195 1239 1237 Ad
1276 1196 1516 1238 universum
1555 1197 1708 1239 scilicet
1746 1197 1846 1238 nihil
1885 1197 1997 1239 aliud
2037 1197 2264 1250 exprimere
2300 1199 2398 1251 vult,

156 1263 233 1305 nisi
264 1263 365 1304 hoc:
395 1263 541 1315 ‘genus
577 1259 799 1302 hominum
828 1272 852 1302 a
880 1262 984 1304 statu
1020 1259 1192 1302 naturali
1222 1262 1260 1302 et
1296 1260 1424 1302 animi
1462 1261 1692 1314 integritate
1727 1262 1931 1314 gradatim
1969 1262 2184 1315 delapsum
2228 1275 2316 1304 esse
2344 1265 2397 1304 ad

158 1328 264 1370 hanc
293 1329 331 1369 et
359 1325 528 1369 vivendi
558 1325 758 1368 rationem
791 1327 828 1366 et
865 1325 1150 1377 vitiositatem',
1189 1328 1446 1378 quapropter
1483 1326 1641 1378 primae
1679 1326 1796 1366 aetati
1837 1338 1993 1367 nomen
2030 1339 2175 1368 aureae
2211 1327 2398 1379 imponit,

155 1405 243 1445 quo
273 1392 456 1445 epitheto
485 1390 881 1443 praestantissimum
912 1390 1101 1443 quidque
1128 1390 1370 1443 appellatur.
1426 1390 1663 1432 Secundam
1694 1403 1717 1432 a
1746 1391 1913 1432 metallo
1943 1391 2133 1433 inferiore
2161 1394 2396 1445 argenteam

156 1457 294 1500 vocari
325 1457 651 1498 consentaneum
680 1454 853 1497 videtur.
909 1454 1017 1496 Tum
1039 1466 1139 1496 vero
1160 1457 1283 1509 poeta
1303 1455 1495 1497 ordinem
1526 1455 1768 1497 historicum
1790 1456 1984 1508 sequitur,
2009 1468 2145 1508 neque
2165 1457 2272 1497 enim
2294 1469 2398 1509 aere,

138 1522 349 1575 ‘quamvis
377 1533 491 1563 arma
519 1522 648 1562 aenea
674 1520 814 1562 ferreis
835 1522 970 1561 essent
999 1520 1146 1573 priora,
1174 1519 1325 1561 ferrum
1365 1523 1448 1562 erat
1476 1520 1666 1562 deterius.
1723 1520 1941 1569 Quatenus
1970 1523 2108 1562 noster
2136 1533 2183 1562 ex
2213 1522 2396 1575 philoso-

156 1587 337 1640 phorum
366 1585 567 1629 sententia
596 1585 804 1638 penderet,
833 1584 1112 1637 descriptione
1140 1585 1247 1626 vitae
1273 1597 1397 1626 aurea
1425 1587 1555 1627 aetate
1583 1588 1696 1627 actae
1727 1586 1899 1638 planum
1928 1585 1983 1627 fit.

283 1651 461 1693 Vivebat
499 1650 610 1691 enim
641 1662 765 1691 aurea
800 1649 939 1703 proles
967 1649 1008 1690 in
1047 1649 1239 1691 omnium
1278 1661 1415 1691 rerum
1455 1650 1720 1700 abundantia,
1757 1662 1865 1703 quae
1904 1663 1999 1692 cum
2035 1651 2276 1692 fluminibus
2314 1651 2395 1693 iam

154 1717 278 1769 lactis,
307 1716 389 1758 iam
419 1715 603 1767 nectaris,
633 1715 714 1756 iam
744 1714 840 1756 flavi
870 1714 1003 1756 mellis
1023 1717 1296 1768 comparatur.
1352 1715 1443 1756 ‘Per
1470 1727 1513 1757 se
1542 1715 1666 1757 dabat
1686 1716 1830 1757 omnia
1858 1716 1998 1757 tellus’.
2053 1716 2106 1757 At
2126 1716 2215 1768 cibi,
2244 1716 2397 1769 quibus

152 1783 297 1824 beatae
317 1781 410 1823 illae
424 1782 571 1834 gentes
586 1780 869 1832 vescebantur,
884 1781 1043 1821 tantum
1063 1780 1189 1832 abest,
1205 1781 1249 1821 ut
1268 1779 1468 1822 invidiam
1486 1782 1692 1832 moveant,
1712 1783 1756 1821 ut
1772 1780 1969 1823 Romanis
1985 1780 2143 1823 Ovidio
2158 1781 2399 1833 aequalibus

150 1847 241 1889 sine
270 1846 402 1888 dubio
433 1846 648 1888 horrorem
678 1844 885 1886 inicerent.
939 1845 1124 1886 Arbutus
1152 1845 1275 1897 enirn,
1304 1857 1413 1897 quae
1442 1846 1567 1886 arbor
1593 1845 1812 1886 fructicosa
1841 1845 1897 1886 in·
1914 1846 2024 1887 ltalia
2052 1846 2243 1897 abundat,
2271 1858 2399 1898 poma

152 1913 227 1954 fert
254 1912 380 1964 fragis
416 1911 566 1952 similia
594 1913 633 1951 et
670 1909 854 1951 difficilia
882 1910 935 1951 ad
974 1910 1256 1962 coquendum,
1292 1909 1447 1962 quibus
1484 1909 1684 1951 tenuioris
1718 1912 1876 1952 tantum
1908 1910 2028 1953 sortis
2066 1911 2253 1953 homines
2288 1911 2397 1952 vesci

150 1977 296 2019 solent.
353 1975 483 2018 Corni
526 1975 682 2016 fructus
718 1974 932 2028 lapidosos
967 1976 1005 2016 et
1041 1974 1142 2016 nihil
1178 1974 1262 2015 fere
1300 1974 1433 2015 carnis
1473 1974 1683 2027 habentes,
1737 1975 1891 2027 quibus
1934 1976 2107 2017 Homeri
2142 1976 2399 2028 temporibus

152 2053 249 2082 sues
277 2040 562 2094 pascebantur,
582 2039 791 2092 Vergilius
811 2038 927 2090 (Aen.
948 2039 996 2079 lll
1024 2039 1122 2089 649)
1147 2039 1302 2079 victum
1333 2038 1538 2079 infelicem
1559 2041 1690 2079 vocat.
1749 2039 1856 2081 Rubi
1876 2052 2049 2092 quoque
2069 2052 2183 2081 mora
2203 2039 2400 2081 silvestria

154 2117 282 2146 nemo
302 2105 412 2146 bene
431 2116 555 2146 sanus
576 2104 617 2145 in
639 2103 741 2144 cibis
761 2103 881 2145 lautis
900 2103 1080 2155 habebit,
1099 2102 1382 2156 quamtumvis
1403 2102 1456 2144 de
1474 2102 1666 2155 gustibus
1686 2114 1773 2144 non
1795 2103 1845 2144 sit
1865 2103 2174 2156 disputandum.
2212 2103 2399 2145 Glandes

152 2182 333 2224 quernas
362 2169 507 2224 primis
537 2168 782 2211 mortalibus
809 2167 1007 2209 alimento
1037 2167 1163 2210 fuisse
1190 2167 1374 2221 vulgaris
1401 2179 1501 2209 sane
1538 2170 1622 2209 erat
1657 2170 1842 2209 veterum
1882 2169 2039 2221 opinio.
2094 2168 2234 2209 Nihilo
2273 2168 2399 2209 setius

151 2247 238 2276 non
260 2246 333 2276 eae
352 2237 456 2286 sunt,
477 2246 586 2287 quae
601 2233 765 2274 animos
781 2233 1001 2274 hominum
1018 2233 1251 2274 admodum
1272 2232 1460 2274 alliciant.
1491 2232 1610 2274 Tales
1625 2232 1780 2274 fructus
1805 2236 1951 2286 gentes
1981 2233 2069 2275 illas
2089 2234 2198 2285 lacte,
2224 2235 2398 2285 nectare,

155 2299 350 2341 mellibus
379 2298 713 2341 circumfluentes
740 2298 891 2339 aluisse
919 2297 1100 2340 Ovidius
1129 2309 1214 2339 non
1245 2309 1295 2339 ex
1324 2297 1411 2339 ullo
1440 2299 1618 2349 auctore,
1647 2298 1720 2339 sed
1750 2309 1800 2339 ex
1822 2298 2026 2341 memoria
2051 2310 2124 2340 sua
2145 2297 2286 2349 hausit,
2315 2309 2399 2350 qua

156 2365 375 2417 poetarum
419 2362 857 2417 philosophorumque
894 2361 1116 2415 opiniones
1158 2361 1410 2402 confuderat„
1475 2362 1561 2410 Qui
1596 2362 1651 2413 fit,
1687 2366 1731 2403 ut
1759 2363 1863 2403 inter
1889 2366 1949 2404 tot
1992 2366 2133 2416 poetas
2161 2363 2201 2402 in
2246 2363 2397 2403 eodem

156 2430 404 2481 argumento
434 2429 642 2469 versantes
670 2429 708 2468 et
737 2429 923 2467 nostrum
954 2438 1187 2479 perpaucae
1215 2426 1506 2467 similitudines
1545 2426 1808 2468 intercedant.
1866 2427 2001 2469 lmmo
2025 2438 2176 2480 genere
2212 2425 2399 2468 funditus

153 2493 217 2534 sui
248 2492 419 2545 proprio
446 2491 638 2533 narrandi
675 2491 809 2533 utitur.
867 2491 1024 2532 Passim
1064 2490 1176 2532 enim
1214 2502 1315 2542 sese,
1352 2493 1396 2532 ut
1433 2493 1517 2541 erat
1555 2494 1821 2544 praeceptum
1866 2492 2107 2543 rhetoribus,
2143 2503 2226 2531 non
2266 2490 2397 2532 modo

156 2556 355 2598 movendi
386 2555 715 2608 delectandique,
736 2555 810 2597 sed
831 2555 952 2597 etiam
974 2554 1155 2597 docendi
1176 2555 1410 2596 studiosum
1431 2558 1616 2608 praestat
1666 2555 1878 2596 Praeterea
1896 2559 1981 2597 tota
2001 2555 2173 2596 narratio
2192 2555 2398 2596 rhetorico

153 2620 343 2674 quodam
365 2621 509 2662 induta
528 2622 587 2661 est
607 2619 760 2672 habitu,
781 2619 853 2672 qui
875 2619 952 2661 nisi
973 2631 1023 2660 ex
1042 2619 1210 2660 residuo
1239 2619 1482 2672 disciplinae
1512 2619 1739 2660 rhetoricae
1759 2620 1933 2672 ducitur,
1973 2631 2056 2661 non
2093 2621 2150 2659 est
2177 2618 2398 2670 quomodo

155 2684 393 2737 explicetur.

1016 2844 1546 2980 -ῆέ-
