2708 3340
332 611 1204 694 Metamorphoseon
1250 612 1932 678 Ovidianar’um
1982 612 2350 680 fabulae

383 722 690 806 prima
741 734 819 787 et
868 723 1273 788 secunda
1331 723 1575 788 unde
1624 724 1804 787 sint
1857 723 2255 790 haustae.

319 883 426 924 Ante
442 882 520 924 hos
536 884 702 924 centum
714 883 860 935 viginti
873 895 1006 924 annos
1018 883 1250 924 Mellmann
1268 883 1620 924 commentatione
1633 883 1769 936 Lipsia
1785 884 1855 936 (de
1868 883 2001 925 causis
2017 886 2054 924 et
2070 885 2305 927 auctoribus
2323 898 2460 928 narra-

209 949 372 990 tionum
394 949 447 990 de
467 949 633 990 mutatis
655 948 811 1000 formis,
827 949 943 1001 1786)
960 948 1164 992 Ovidium
1186 961 1339 1000 magna
1368 948 1408 990 in
1429 950 1542 1001 parte
1558 948 1953 1002 metamorphoseon
1982 948 2175 991 Nicandri
2200 949 2457 1004 Colophonii

209 1011 512 1067 Ἑτεροιοόμενα,
558 1014 748 1065 tempore
793 1012 915 1054 Attali
961 1012 1002 1054 ll.
1033 1012 1266 1066 composita
1305 1022 1408 1053 >esse
1455 1015 1642 1054 secutum
1684 1016 1855 1053 conatus
1904 1016 1963 1054 est
1999 1014 2183 1065 probare,
2232 1015 2283 1056 ad
2329 1009 2457 1067 quam

211 1077 456 1118 sententiam
512 1077 702 1117 nonnulli
746 1077 821 1117 viri
858 1077 969 1118 docti
1010 1080 1054 1117 ut
1098 1077 1290 1119 RMerkel
1334 1080 1372 1118 et
1412 1077 1604 1129 MHaupt
1641 1080 1911 1118 accesserunt.
1966 1077 2239 1125 Quodcontra
2283 1079 2456 1120 Leutsch

210 1142 266 1193 (in
298 1142 452 1183 Erschii
483 1144 521 1183 et
548 1141 728 1183 Gruberi
766 1142 936 1194 encycl.)
966 1144 1123 1194 partem
1161 1142 1273 1182 haud
1311 1141 1507 1194 exiguam
1543 1141 1777 1182 fabularum
1819 1153 1869 1182 ex
1907 1141 2168 1182 encheiridiis
2203 1142 2455 1194 quibusdam

211 1206 516 1260 mythologicis,
528 1206 667 1258 qualia
677 1205 847 1246 Antonii
862 1206 1058 1247 Liberalis
1071 1207 1410 1260 Μεταμορφώσεων
1439 1207 1632 1257 συναγωγή
1653 1207 1691 1246 et
1704 1205 1860 1258 Hygini
1878 1205 2042 1246 fabulae
2053 1208 2218 1257 exstant,
2230 1206 2456 1260 depromp-

208 1272 292 1311 tam
312 1282 401 1311 esse
417 1269 673 1321 existimavit,
689 1281 816 1321 quam
841 1270 1087 1322 opinionem
1109 1270 1268 1313 ARiese
1290 1270 1343 1311 ita
1364 1270 1635 1310 confirmans:
1655 1269 1795 1320 „Sane
1821 1270 1963 1321 inquit,
1985 1270 2168 1321 ineptum
2186 1274 2288 1310 esset
2304 1283 2456 1323 negare

208 1335 420 1376 Nasonem
451 1335 633 1388 syllogas
663 1334 751 1375 illas
782 1334 899 1387 [inter
926 1347 1030 1387 quas
1053 1335 1325 1376 Partheniana
1354 1337 1392 1376 et
1414 1334 1571 1377 Romae
1590 1334 1740 1386 scripta
1769 1336 1807 1374 et
1827 1334 2106 1374 recentissima
2136 1334 2228 1386 erat]
2261 1334 2301 1375 in
2329 1347 2451 1376 usum

208 1411 330 1440 suum
360 1411 551 1450 vocasse;
581 1410 719 1452 neque
749 1398 831 1440 veri
863 1399 1064 1441 dissimile
1093 1401 1194 1452 puto
1225 1401 1391 1452 poetam
1431 1398 1587 1452 Hygini
1622 1398 1893 1450 grammatici,
1933 1399 2054 1439 amici
2091 1398 2164 1450 sui,
2201 1399 2385 1440 doctrina
2413 1400 2453 1440 in

208 1464 512 1516 perscrutandis
541 1463 811 1516 scriptoribus
832 1463 1020 1504 adiutum
1050 1465 1171 1504 esse“.
1228 1463 1396 1511 Quibus
1420 1463 1557 1503 verbis
1588 1462 1778 1503 Petersen
1801 1462 1992 1505 Kiliensis
2021 1464 2120 1503 nihil
2151 1465 2362 1505 deterritus
2382 1468 2452 1515 est,

205 1528 434 1581 quominus
476 1527 678 1571 Ovidium
711 1539 797 1569 uno
837 1528 1057 1570 Parthenio
1092 1530 1259 1569 auctore
1295 1539 1384 1569 esse
1417 1539 1539 1569 usum
1571 1527 1838 1568 contenderet
1881 1527 2176 1577 (Quaestiones
2206 1528 2450 1581 Ovidianae,

208 1593 336 1646 1877).
394 1593 586 1645 ERohde,
612 1592 904 1635 celeberrimus
929 1592 997 1634 ille
1019 1592 1376 1646 Hamburgiensis,
1406 1592 1460 1634 de
1480 1593 1877 1646 metamorphoseon
1904 1593 2087 1634 fontibus
2107 1593 2191 1634 fieri
2222 1606 2305 1635 non
2329 1607 2453 1648 posse

206 1661 355 1710 censet,
386 1661 429 1699 ut
459 1659 555 1700 certi
585 1659 818 1711 quidquam
859 1658 1089 1710 indagetur.
1146 1658 1329 1708 (Griech.
1362 1659 1535 1709 Roman,
1570 1659 1681 1709 1876,
1711 1670 1749 1710 p.
1780 1659 1907 1710 127,1)
1944 1658 2059 1706 Quin
2104 1659 2221 1700 etiam
2253 1659 2450 1701 GPlaehn

206 1734 449 1774 persuasum
472 1723 595 1764 habet
615 1726 802 1764 nostrum
825 1723 1008 1776 syllogas
1028 1725 1096 1763 aut
1117 1723 1322 1775 epitomas
1341 1722 1518 1763 omnino
1539 1734 1624 1762 non
1646 1722 1899 1762 adhibuisse.
1944 1722 2024 1773 (De
2046 1723 2253 1764 Nicandro
2277 1724 2451 1776 aliisque

206 1787 339 1838 poetis
368 1786 540 1829 Graecis
569 1787 622 1828 ab
652 1785 811 1829 Ovidio
842 1787 882 1827 in
912 1787 1322 1840 metamorphosibus
1361 1786 1673 1828 conscribendis
1711 1786 1916 1837 adhibitis,
1958 1787 2077 1827 Halle
2117 1788 2239 1838 1882).
2294 1788 2331 1828 Α
2369 1800 2452 1840 qua

204 1851 406 1903 opinione
435 1852 487 1892 ad
520 1851 640 1894 Riesii
671 1852 915 1892 sententiam
957 1852 1156 1892 recedens
1193 1851 1360 1894 Kienzle
1395 1850 1592 1902 (Ovidius
1628 1862 1711 1901 qua
1749 1850 1907 1890 ratione
1950 1852 2245 1902 compendium
2286 1852 2450 1904 mytho-

204 1915 390 1968 logicum
427 1916 480 1957 ad
520 1916 895 1969 metamorphoseis
935 1916 1252 1969 componendas
1290 1914 1534 1966 adhibuerit,
1574 1914 1690 1956 Basel
1734 1915 1849 1967 1903)
1881 1926 1931 1956 ex
1968 1914 2199 1956 fabularum
2236 1916 2382 1957 ordine
2412 1919 2451 1957 et

203 1979 360 2020 ratione
387 1980 586 2021 tractandi
618 1981 976 2033 metamorphoses
1015 1980 1159 2023 Ovidii
1198 1992 1293 2020 cum
1336 1980 1623 2032 Appollodori.
1658 1983 1695 2019 et
1732 1980 1890 2032 Hygini
1930 1981 2159 2021 consentire
2198 1981 2374 2033 collegit,
2406 1981 2447 2022 id

203 2044 319 2096 quod
356 2044 396 2084 in
427 2045 625 2086 Nicandri
665 2057 837 2097 quoque
885 2044 1167 2098 mythologias
1208 2044 1354 2085 cadere
1401 2055 1496 2084 cum
1536 2043 1799 2084 Mellmanno
1850 2043 1991 2084 Dietze
2026 2044 2111 2085 vult
2139 2045 2447 2096 (Komposition

202 2108 289 2149 und
319 2107 744 2161 Quellenbenutzung
773 2109 814 2149 in
846 2108 982 2151 Ovids
1019 2108 1402 2161 Metamorphosen,
1442 2107 1608 2160 Beilage
1637 2119 1731 2148 zum
1775 2107 2020 2160 Programm
2059 2109 2132 2149 des
2164 2108 2448 2161 Johanneums

202 2172 243 2212 in
275 2172 507 2226 Hamburg,
541 2174 669 2226 1905).

332 2236 465 2278 Rediit
495 2238 628 2290 igitur,
658 2239 771 2279 unde
801 2238 983 2290 profecta
1013 2240 1105 2287 erat,
1137 2236 1336 2288 quaestio,
1366 2249 1414 2277 ac
1434 2236 1510 2277 nisi
1540 2236 1643 2277 forte
1672 2237 1725 2277 ad
1757 2237 1920 2277 labores
1950 2237 2222 2278 infructuosos
2252 2238 2447 2289 propensi

201 2311 355 2353 sumus,
386 2301 510 2343 nobis
539 2301 605 2343 via
634 2302 773 2343 adhuc
801 2302 892 2343 trita
921 2301 1021 2342 nihil
1053 2301 1148 2342 certi
1179 2300 1383 2353 explorari
1412 2297 1730 2353 agnoscendum
1762 2303 1831 2341 est.

331 2365 434 2406 lllud
464 2366 636 2418 quidem
668 2366 771 2406 inter
799 2378 948 2407 omnes
976 2366 1060 2406 iere
1089 2368 1247 2406 constat
1268 2364 1483 2416 Ovidium,
1505 2365 1764 2417 quicumque
1782 2365 1948 2406 fuerunt
1968 2366 2055 2406 eius
2076 2366 2217 2416 fontes,
2241 2379 2447 2418 nusquam

200 2430 322 2470 ullius
351 2430 530 2471 auctoris
557 2430 730 2483 vestigia
760 2431 963 2472 imitando
994 2430 1199 2483 pressisse.
1258 2429 1423 2470 Etiamsi
1454 2441 1532 2470 nec
1560 2441 1691 2470 novas
1708 2429 1863 2471 invenit
1893 2429 2052 2471 fabulas
2073 2443 2148 2471 nec
2176 2430 2355 2472 attribuit
2377 2444 2449 2472 an·

200 2493 343 2548 tiquas¹
365 2494 486 2535 novis
514 2495 704 2547 personis
734 2497 808 2543 aut
831 2495 944 2547 locis,
973 2496 1111 2536 tamen
1141 2506 1289 2535 omnes
1319 2493 1372 2535 ita
1401 2496 1576 2535 mutatas
1606 2494 1737 2535 modo
1768 2494 1948 2536 minutas
1977 2495 2105 2535 modo
2133 2498 2270 2536 auctas
2305 2499 2448 2547 narrat,

198 2561 242 2599 ut
268 2559 321 2599 ab
352 2570 403 2600 eo
426 2558 617 2600 inventae
638 2571 727 2600 esse
747 2559 975 2601 videantur.
1016 2559 1226 2612 Undique,
1256 2570 1364 2611 quae
1394 2558 1566 2611 ingenio
1597 2558 1684 2599 eius
1705 2559 1934 2611 placebant,
1966 2559 2179 2611 congessit,
2209 2560 2321 2601 haud
2351 2572 2444 2601 raro

198 2623 367 2665 aliunde
400 2624 624 2677 materiam,
653 2624 822 2666 aliunde
850 2625 1043 2666 narrandi
1075 2636 1210 2677 genus
1240 2626 1443 2665 mutuans.

286 2704 293 2709 ·
325 2687 448 2735 Quae
477 2700 573 2728 cum
604 2689 657 2729 ita
682 2689 771 2740 sint,
814 2689 963 2729 dubito
992 2700 1043 2729 an
1075 2700 1128 2729 ne
1157 2689 1245 2740 ipse
1287 2691 1409 2740 poeta
1448 2689 1631 2740 quidem,
1668 2690 1782 2729 unde
1826 2690 1989 2740 singula
2028 2689 2105 2729 sint
2143 2689 2295 2739 hausta,
2337 2693 2449 2730 certo

198 2752 376 2805 potuerit
432 2752 614 2795 indicare
659 2765 707 2795 ac
745 2753 1109 2795 vehementissime
1157 2753 1204 2795 iis
1256 2752 1465 2805 assentior,
1519 2752 1590 2805 qui
1641 2751 1845 2795 Ovidium
1902 2765 1985 2796 non
2035 2752 2167 2804 magis
2219 2764 2270 2793 ex
2323 2753 2448 2815 librisy

197 2828 324 2870 quam
355 2828 406 2858 ex
435 2818 639 2858 memoria
668 2818 895 2859 narravisse
933 2820 1196 2858 asseverant·
1234 2817 1410 2858 Fabulas
1443 2817 1703 2859 Graecorum
1740 2819 1842 2870 quin
1880 2819 1959 2859 iam
1991 2831 2013 2858 a
2051 2829 2179 2870 puero
2216 2819 2443 2859 memoriae

197 2882 294 2923 satis
321 2882 596 2935 inculcaverit,
626 2883 799 2924 minime
838 2883 1015 2924 dubium
1058 2885 1127 2935 est,
1166 2885 1309 2935 utpote
1346 2895 1454 2935 quae
1482 2886 1571 2924 tum
1602 2884 1643 2924 in
1675 2884 1896 2924 litterarum
1928 2883 2139 2924 elementis
2167 2883 2445 2924 tradebantur.

196 2947 561 3000 Metamorphoses
589 2947 779 2990 nonnihil
810 2947 1041 2990 doctrinam
1072 2947 1308 2990 scholarum
1339 2947 1635 2990 rhetoricarum
1667 2960 1811 3002 sapere
1841 2948 1920 2990 iam
1953 2947 2112 3001 Kochly
2148 2947 2346 3000 cognovit
2374 2948 2444 2999 (ad

195 3011 401 3062 Quintum
440 3013 715 3068 Smyrnaeum
756 3026 793 3066 p.
833 3014 933 3066 180).
998 3014 1148 3066 Neque
1182 3025 1282 3055 vero
1322 3013 1502 3056 Ovidius
1544 3013 1681 3054 solum
1720 3013 1881 3054 fabulas
1918 3013 2143 3054 luminibus
2178 3012 2445 3064 artificiisque

194 3078 408 3119 rhetoricis
427 3079 643 3119 adornavit
672 3081 710 3119 et
739 3079 868 3120 multa
889 3089 939 3119 ex
959 3078 1171 3120 'memoria
1194 3079 1492 3131 rhetorumque
1527 3079 1892 3120 exercitationibus
1919 3081 2077 3131 arrepta
2096 3077 2265 3130 addidit,
2295 3089 2442 3119 verum

2699 2912 2708 2929 ..
2685 2777 2708 2863 ‘V‘’
