2708 3340
1267 161 1270 162 γ
1324 104 1350 143 4

203 229 325 270 etiam
368 230 537 270 scholae
566 230 780 271 doctrinae
816 233 974 283 partem
1006 231 1046 271 in
1082 232 1244 273 fabulas
1282 232 1601 272 transformavit.
1658 231 1780 279 Quae
1809 244 1832 272 e
1863 232 2125 285 Pythagorae
2164 235 2323 287 placitis
2362 235 2468 276 libro

207 296 392 335 extremo
409 294 654 347 adsumpsit,
674 295 869 347 quamvis
886 298 1056 349 propter
1070 299 1351 351 μετεμψόχωοιν
1368 309 1391 338 a
1408 299 1657 338 mutatarum
1674 296 1903 338 formarum
1922 308 2051 350 opere
2067 309 2152 340 non
2168 299 2312 352 aliena,
2328 301 2467 342 tamen

204 370 289 399 non
320 358 490 399 fluxisse
520 370 570 400 ex
601 359 715 400 libris
744 359 938 413 mythicis
966 372 1116 402 omnes
1144 362 1263 403 facile
1293 363 1537 404 concedent.
1595 362 1709 403 ldem
1741 361 1879 414 ipsum
1910 373 2011 403 vero
2041 362 2094 403 de
2124 363 2259 416 prima
2296 375 2469 417 quoque

203 424 341 475 operis
371 424 511 464 fabula
542 426 601 464 est
632 424 917 465 iudicandum.

331 487 470 540 Atque
501 488 751 529 creationem
784 489 943 541 mundi,
974 492 1017 531 ut
1038 492 1223 531 narratur
1241 491 1294 532 ab
1316 491 1486 542 Ovidio,
1508 503 1592 532 non
1620 490 1853 531 manavisse
1883 502 1933 531 ex
1953 490 2178 532 ‘uberrimo
2208 490 2467 534 Graecorum

204 556 421 605 poetarum
463 553 958 607 mythographorumque
1003 556 1126 607 penu'
1166 555 1254 608 ipse
1290 557 1512 609 adspectus
1551 555 1683 596 docet.
1748 555 1897 606 Neque
1933 555 2044 595 enim
2083 557 2142 596 est
2180 556 2467 611 mythologiae

201 622 272 659 aut
302 618 560 671 distinguere
591 619 696 660 inter
733 620 871 660 ‘deum
904 622 942 660 et
971 620 1188 661 meliorem
1220 621 1431 672 naturam',
1462 621 1567 662 inter
1595 621 1814 673 ‘liquidum
1846 621 2007 662 caelum
2038 624 2077 662 et
2105 622 2286 675 spissum
2317 623 2468 664 aerem'

202 686 271 725 aut
300 687 527 736 supputare
556 685 704 725 ‘aerem
734 687 848 725 tanto
878 696 968 725 esse
998 685 1084 737 igni
1115 685 1413 737 onerosiorem,
1449 688 1607 738 quanto
1645 688 1775 727 terrae
1813 686 1982 738 pondus
2010 688 2070 727 est
2108 686 2240 728 levius
2280 688 2469 740 pondere

203 748 359 800 aquae'.
416 748 552 802 Mythi
584 751 626 789 ut
657 749 851 801 ignorant
879 749 1101 790 ‘discordia
1131 750 1291 791 semina
1312 763 1460 802 rerum,
1489 750 1678 791 tellurem
1702 750 1962 803 ponderibus
1983 750 2172 793 libratam
2194 752 2289 804 suis,
2317 754 2467 794 terram

203 813 345 865 magni
376 813 559 865 speciem
589 813 864 865 glomeratam
898 814 936 854 in
965 814 1089 866 orbis,
1114 815 1309 856 facientes
1329 815 1494 867 fulgura
1524 815 1692 866 ventos',
1723 815 1775 856 ita
1803 815 1976 856 minime
1997 809 2330 869 nesciuntstquis
2349 817 2469 858 fuerit

204 878 380 918 deorum
412 878 559 918 mundi
582 879 761 929 creator’,
791 879 950 931 quippe
980 879 1051 931 qui
1074 891 1290 931 nunquam
1319 880 1394 920 nisi
1417 880 1567 921 additis
1591 880 1835 921 nominibus
1856 883 2028 931 narrant,
2049 892 2145 921 cum
2167 880 2311 923 Ovidii
2343 882 2467 934 ‘quis-

202 943 296 994 quis
325 942 401 982 fuit
431 943 498 983 ille
528 943 717 983 deorum'
746 944 810 983 vel
842 943 923 983 ‘ille
953 944 1093 995 opifex
1123 956 1273 995 rerum,
1303 945 1450 985 mundi
1489 945 1672 986 melioris
1710 945 1844 996 origo'
1883 947 2094 986 auctorem
2133 945 2233 986 caeli
2264 949 2303 987 et
2338 948 2469 987 terrae

201 1007 242 1048 in
274 1007 440 1048 occulto
470 1007 689 1060 reliquerit.
747 1008 898 1060 Neque
927 1008 1038 1049 enim
1071 1012 1214 1061 poetas
1244 1010 1627 1062 mythographicos,
1657 1010 1730 1050 sed
1763 1009 2041 1062 philosophos
2070 1012 2236 1051 secutus
2265 1013 2334 1052 est.

332 1072 374 1112 ln
397 1084 485 1123 quo
507 1084 695 1123 numero,
717 1073 788 1124 qui
810 1074 1044 1124 quaestioni
1075 1074 1250 1125 originis
1271 1075 1418 1115 mundi
1441 1075 1712 1115 excutiendae
1733 1086 1904 1126 operam
1929 1074 2246 1126 impertiverant,
2276 1076 2466 1116 omnium

202 1137 363 1189 primus
391 1136 664 1189 Anaxagoras
694 1140 763 1188 est,
795 1137 912 1179 cuius
948 1138 1096 1190 placita
1125 1139 1212 1180 fere
1242 1139 1343 1180 haec
1373 1142 1477 1180 sunt.
1534 1139 1746 1180 Mundum
1779 1151 1864 1180 non
1895 1151 1945 1180 ex
1976 1139 2118 1192 paucis
2143 1139 2358 1181 elementis
2379 1152 2468 1181 esse

199 1201 366 1253 factum,
396 1202 470 1243 sed
501 1201 693 1242 omnium
725 1213 874 1253 rerum,
906 1205 948 1243 ut
970 1203 1114 1255 carnis,
1145 1204 1316 1255 ossium,
1347 1204 1433 1245 auri
1456 1207 1528 1246 etc.
1551 1204 1631 1245 iam
1665 1203 1762 1245 inde
1790 1215 1813 1244 a
1844 1204 2052 1256 principio
2081 1203 2281 1245 exstitisse
2308 1204 2468 1247 semina

202 1267 329 1307 mixta
358 1268 605 1320 (πανσπερμία
632 1268 798 1319 τούτων),
856 1267 978 1315 Quae
1019 1281 1114 1309 cum
1155 1269 1360 1309 immensa
1391 1272 1428 1309 et
1459 1270 1562 1309 inter
1590 1281 1632 1309 se
1669 1268 1886 1308 dissimilia
1924 1271 2058 1309 essent
2097 1269 2301 1320 (σπέρματα
2337 1264 2468 1321 ἄπειρα

202 1334 369 1382 πλήθους
391 1334 497 1374 οὐδὲν
528 1335 674 1373 ἐοικότα
716 1335 919 1385 ἀλλήλοις),
967 1333 1005 1374 in
1037 1334 1229 1375 ordinem
1282 1334 1429 1375 mundi
1474 1333 1626 1375 adduci
1658 1345 1742 1374 non
1779 1333 1963 1386 potuisse
2003 1333 2078 1374 nisi
2122 1333 2162 1374 vi
2207 1334 2390 1386 quadam
2430 1337 2468 1376 et

201 1397 372 1448 ratione,
424 1398 477 1438 ab
523 1398 776 1450 Anaxagora
814 1401 897 1444 νοῦς
948 1398 1163 1451 appellata,
1222 1411 1309 1451 quo
1353 1399 1526 1439 nomine
1579 1410 1675 1439 eum
1726 1398 1912 1439 divinam
1960 1400 2142 1439 mentem
2194 1398 2259 1439 vel
2310 1410 2466 1439 numen

200 1462 502 1514 significavisse
546 1462 696 1504 Cicero
727 1462 813 1514 (Ac.
845 1464 885 1504 ll.
915 1464 977 1504 37.
1012 1465 1104 1515 118)
1149 1466 1186 1504 et
1220 1463 1369 1505 Sextus
1403 1464 1549 1513 (Math.
1587 1463 1651 1503 lX.
1689 1464 1714 1504 6
1762 1466 1860 1511 νοῦν,
1913 1456 1953 1507 Z<
1990 1465 2062 1503 ἐστι
2097 1466 2174 1503 κατ’
2212 1465 2321 1504 αὐτὸν
2363 1463 2468 1512 θεός)

203 1526 394 1567 referunt.
452 1527 664 1568 Mundum
696 1540 719 1568 a
749 1531 887 1569 mente
916 1528 1058 1570 divina
1088 1528 1140 1569 ita
1161 1540 1211 1569 ex
1233 1529 1338 1569 chao
1363 1531 1543 1569 creatum
1583 1540 1681 1578 esse,
1712 1530 1753 1568 ut
1778 1530 1894 1568 motu
1921 1527 2048 1568 mirae
2069 1528 2296 1569 velocitatis
2317 1528 2467 1569 exitato

200 1603 337 1632 rerum
369 1592 529 1632 semina
569 1595 889 1643 secernerentur,
928 1593 1060 1645 spissa
1088 1605 1111 1634 a
1149 1593 1330 1645 liquidis,
1358 1593 1509 1645 frigida
1538 1605 1560 1634 a
1600 1592 1752 1643 calidis,
1785 1592 1922 1634 lucida
1951 1593 2004 1633 ab
2040 1592 2239 1644 obscuris,
2284 1592 2467 1644 humida,

200 1670 224 1698 a
253 1658 383 1699 siccis.
441 1657 588 1699 Calida
618 1658 737 1703 sicca.
768 1658 928 1710 liquida
958 1659 1096 1699 lucida
1125 1659 1178 1699 ab
1217 1659 1468 1711 Anaxagora
1507 1658 1678 1699 nomine
1708 1657 1894 1709 aetheris,
1932 1657 2082 1709 frigida
2113 1657 2296 1709 humida,
2335 1657 2467 1710 spissa

200 1722 381 1763 obscura
410 1722 515 1763 aeris
544 1734 650 1763 voce
680 1723 960 1776 corripiuntur
988 1723 1051 1775 (cf.
1081 1723 1226 1774 Zeller,
1255 1723 1411 1776 griech.
1445 1722 1596 1763 Philos.
1628 1723 1638 1762 l
1670 1721 1708 1763 S.
1738 1723 1816 1762 794
1844 1722 1902 1769 ff.)

332 1798 557 1838 Neminem
588 1798 719 1850 fugiet
750 1799 854 1839 inter
882 1799 1124 1851 philosophi
1155 1802 1193 1839 et
1223 1801 1371 1851 poetae
1402 1799 1701 1850 cosmogonias
1748 1797 1946 1850 magna'm
1989 1798 2241 1839 intercedere
2275 1798 2464 1838 similitu-

200 1864 357 1914 dinem,
386 1864 459 1904 sed
491 1875 591 1904 cave
621 1864 765 1904 credas
795 1863 1000 1906 Ovidium
1034 1864 1171 1916 ipsum
1203 1864 1386 1905 fabulam
1418 1863 1586 1904 duxisse
1615 1876 1664 1904 ex
1695 1863 1854 1915 placitis
1883 1863 2169 1915 Anaxagorae,
2207 1875 2316 1916 quae
2352 1862 2465 1904 haud

199 1928 288 1969 scio
318 1940 369 1969 an
402 1939 619 1980 nunquam
652 1928 806 1980 legerit.
866 1928 907 1969 ln
939 1928 1094 1969 scholis
1124 1928 1338 1970 rhetoricis
1368 1927 1545 1980 Augusti
1575 1927 1838 1980 temporibus
1868 1927 2136 1980 philosophia
2174 1927 2303 1968 stoica
2330 1927 2464 1968 trade-

201 1993 332 2043 batur,
354 1992 419 2032 cui
440 1992 688 2044 indulgebat
709 1992 903 2032 nobilitas
926 1993 1125 2034 Romana.
1180 1993 1323 2044 Scipio
1345 1993 1482 2032 minor
1503 1992 1709 2043 Panaetio,
1742 1992 1970 2043 Pompeius
1990 1994 2028 2031 et
2048 1991 2198 2032 Cicero
2222 1991 2465 2041 Posidonio,

198 2058 416 2109 Augustus
435 2056 713 2109 Apollodoro,
743 2056 934 2097 Tiberius
955 2057 1183 2097 Theodoro
1213 2056 1412 2108 magistro
1441 2057 1641 2107 utebatur,
1673 2056 1743 2109 qui
1776 2068 1926 2097 omnes
1946 2055 2107 2096 stabant
2127 2068 2150 2096 a
2179 2058 2278 2096 stoa.
2335 2055 2463 2107 Atqui

198 2121 316 2163 stoici
347 2121 456 2162 illius
485 2121 626 2162 aetatis
656 2133 741 2162 non
772 2121 907 2174 magis
928 2121 1113 2162 Zenonis
1130 2121 1316 2172 studiosi,
1346 2134 1473 2175 quam
1502 2121 1681 2163 eclectici
1711 2124 1834 2173 erant,
1864 2121 1936 2174 qui
1959 2121 2158 2174 undique,
2187 2131 2296 2173 quae
2317 2119 2465 2173 placita

199 2187 359 2228 alienae
380 2187 594 2227 doctrinae
615 2187 852 2238 laudabant,
874 2187 914 2226 in
945 2199 1063 2227 suam
1088 2187 1399 2239 philosophiam
1422 2187 1686 2239 recipiebant.
1722 2186 1855 2228 Cuius
1877 2186 2138 2227 eclecticismi
2160 2186 2463 2227 documentum

201 2251 371 2304 praebet
405 2251 549 2293 Ovidii
581 2251 870 2304 cosmogonia,
905 2263 1024 2304 quae,
1068 2252 1184 2304 quod
1219 2251 1595 2303 animadverterim,
1641 2251 1810 2292 fluctuat
1845 2250 1949 2292 inter
1984 2250 2263 2303 Pythagoram
2296 2250 2461 2291 Anaxa-

199 2328 361 2369 goram,
390 2316 654 2356 Aristotelem
686 2316 933 2368 opinionem
963 2316 1192 2368 vulgarem.
1249 2316 1381 2364 Quod
1412 2316 1483 2368 qui
1514 2316 1735 2368 diligenter
1763 2315 1993 2368 perpendit,
2023 2315 2200 2367 primam
2241 2317 2465 2355 metamor-

201 2382 393 2433 phoseon
431 2380 628 2431 fabulam,
675 2393 803 2432 quam
843 2380 969 2433 Bayle
1011 2381 1104 2432 ipso
1142 2381 1212 2422 illo
1257 2381 1362 2421 chao
1403 2381 1690 2421 obscuriorem
1731 2379 1963 2430 declaravit,
2003 2380 2135 2420 multo
2172 2379 2333 2420 facilius
2371 2390 2462 2430 per-

200 2445 356 2497 spiciet,
386 2445 428 2485 id
458 2445 577 2497 quod
607 2445 778 2486 duobus
807 2445 992 2486 tribusve
1022 2445 1224 2497 exemplis
1255 2444 1454 2485 illustrare
1484 2444 1613 2485 liceat.

328 2509 442 2560 Sunt,
472 2509 544 2561 qui
585 2509 751 2550 ‘formas
787 2511 964 2550 mutatas
1000 2509 1040 2549 in
1079 2521 1189 2550 nova
1231 2509 1418 2561 corpora'
1458 2520 1531 2561 per
1569 2508 1819 2562 hypallagen
1859 2519 1949 2549 esse
1986 2508 2143 2549 dictum
2180 2508 2318 2559 velint,
2360 2509 2464 2548 tam-

197 2573 362 2626 quamsi
392 2573 539 2625 figuris
567 2573 782 2614 rhetoricis
812 2573 991 2625 ineptiae
1021 2573 1181 2625 possint
1216 2574 1395 2626 purgari.
1454 2574 1630 2614 Formae
1667 2576 1881 2626 nequeunt
1918 2572 2066 2613 mutari
2106 2573 2183 2613 nisi
2213 2572 2256 2612 in
2297 2572 2464 2621 formas,

198 2651 276 2680 nec
305 2650 481 2691 corpora
518 2638 558 2679 in
597 2638 830 2690 quidquam
870 2638 946 2679 nisi
985 2638 1025 2678 in
1066 2650 1251 2690 corpora.
1309 2639 1502 2679 Attamen
1544 2638 1848 2679 dubitationem
1888 2649 1973 2678 non
2013 2637 2146 2688 habet,
2184 2636 2287 2689 quin
2326 2634 2465 2676 verbis

199 2703 386 2755 corporis
416 2705 454 2743 et
471 2702 641 2753 formae,
672 2702 713 2742 id
743 2702 861 2754 quod
883 2713 1010 2743 nemo
1032 2702 1246 2744 Romanus
1266 2702 1406 2743 litteris
1435 2702 1621 2742 imbutus
1642 2702 1871 2754 ignorabat,
1892 2701 2133 2741 redderetur
2153 2699 2460 2741 Aristotelicum

197 2759 269 2819 ῧλη
299 2770 337 2808 et
366 2768 476 2811 εἶδος.
533 2766 773 2807 Aristoteles
810 2769 1001 2811 cunctam
1032 2769 1219 2807 naturam
1262 2767 1463 2807 continuo
1493 2766 1546 2807 ita
1578 2765 1839 2807 transmutari
1870 2765 2003 2816 docet,
2038 2767 2081 2806 ut
2110 2775 2304 2817 quaeque
2333 2775 2397 2804 res
2426 2766 2465 2804 et

199 2844 352 2884 corpus
381 2834 420 2873 et
449 2832 584 2873 forma
623 2831 684 2872 sit.
744 2831 924 2883 Lignum
965 2831 1074 2871 enim
1107 2843 1130 2872 a
1165 2831 1293 2872 fabris
1327 2831 1514 2883 tignariis
1552 2831 1816 2884 perpolitum,
1854 2830 1971 2883 quod
2002 2830 2033 2871 si
2071 2830 2196 2871 refers
2231 2829 2284 2870 ad
2314 2830 2462 2870 statum

199 2896 431 2950 pristinum,
455 2896 600 2949 forma,
629 2896 802 2938 relatum
834 2907 935 2937 vero
956 2895 1008 2937 ad
1031 2896 1211 2937 domum
1243 2896 1361 2949 ligno
1386 2898 1668 2938 constructam
1700 2907 1853 2949 corpus
1883 2897 1952 2937 est.
2008 2895 2106 2945 Qua
2135 2895 2176 2936 in
2198 2893 2307 2936 scala
2334 2895 2464 2934 trans-

198 2962 476 3002 mutationum
508 2962 706 3002 nimirum
738 2961 909 3001 infimus
936 2962 1094 3013 gradus
1122 2962 1223 3001 nihil
1255 2961 1332 3002 nisi
1364 2973 1527 3013 corpus,
1557 2973 1779 3013 supremus
1809 2960 1910 3000 nihil
1928 2961 2005 3001 nisi
2020 2961 2156 3001 forma
2185 2962 2254 3000 est.
2311 2957 2464 3010 Supre-

197 3038 310 3068 mam
341 3026 520 3068 formam
549 3026 791 3068 Aristoteles
822 3025 1000 3067 eandem
1030 3038 1120 3068 esse
1149 3038 1197 3068 ac
1227 3028 1409 3067 mentem
1441 3025 1628 3067 divinam
1662 3024 1844 3078 exponit.
1901 3024 2031 3074 Quod
2054 3023 2251 3077 placitum
2282 3021 2464 3065 Ovidius

195 3104 324 3145 quam
356 3092 465 3132 bene
494 3092 666 3143 noverit,
695 3092 737 3132 in
767 3103 888 3132 versu
927 3092 989 3131 73.
1019 3092 1210 3142 ostendit,
1250 3091 1321 3132 ubi
1352 3091 1490 3132 verbis
1521 3091 1692 3131 ‘formae
1720 3090 1910 3131 deorum'
1940 3090 2077 3131 utitur.
